@WIKIPEDIA{Latex,
  accessmonth = {10},
  revisionyear = {2019},
  accessday = {28},
  title = {LaTeX},
  accessyear = {2019},
  url = {https://de.wikipedia.org/wiki/LaTeX},
  revisionmonthname = {September},
  revisionday = {25},
  entrykey = {Latex},
  accessmonthname = {October},
  revisionmonth = {9}
}

@ANGEWANDTE{M00_Zuilhof_angew,
  doi_en = {10.1002/anie.201306709},
  pages_en = {6322\,--\,6356},
  author = {Sidharam P. Pujari and Luc Scheres and Antonius T. M. Marcelis and Han Zuilhof},
  doi_de = {10.1002/ange.201306709},
  title = {Kovalente Oberflächenmodifikationen von Oxiden},
  pages_de = {6438\,--\,6474},
  volume_en = {53},
  url = {},
  date = {2014},
  entrykey = {M00_Zuilhof_angew},
  volume_de = {126}
}

@PROCEEDINGSSPE{NanoparticleEOR,
  conference = {SPE Europec featured at 80\textsuperscript{th} EAGE Conference and Exhibition},
  conferencedays = {11\,--\,14},
  title = {Evaluation of Aluminium Oxide and Titanium Dioxide Nanoparticles for EOR Applications},
  url = {https://doi.org/10.2118/190872-MS},
  conferencemonthname = {June},
  author = {Alexander Sebastian Hogeweg and Rafael E. Hincapie and Hendrik Foedisch and Leonhard Ganzer},
  location = {},
  conferencemonth = {6},
  date = {2018},
  entrykey = {NanoparticleEOR},
  documentid = {SPE-190872-MS}
}

@BOOKSPE{MultilateralWells,
  title = {Multilateral Wells},
  series = {Reprint Series},
  author = {},
  volume = {53},
  editor = {M R Chambers},
  date = {2002},
  entrykey = {MultilateralWells},
  pages = {15\,--\,21}
}

@BOOK{Sheng-EOR,
  publisher = {Gulf Professional Publishing},
  author = {James J. Sheng},
  title = {Modern Chemical Enhanced Oil Recovery: Theory and Practice},
  location = {Burlington, MA},
  date = {2010},
  entrykey = {Sheng-EOR}
}

@INBOOK{Particulate_Flotation,
  chapter = {1},
  publisher = {American Institute of Chemical Engineers},
  author = {P. Somasundaran},
  edsuffix = {Eds.},
  booktitle = {Advances in Interfacial Phenomena of Particulate/Solution/Gas Systems},
  title = {Interfacial Chemistry of Particulate Flotation},
  editor = {Peter Somasundaran and R. B. Grieves},
  date = {1975},
  entrykey = {Particulate_Flotation},
  pages = {1\,--\,15},
  location = {New York}
}

@INPROCEEDINGS{DGMK,
  publisher = {German Society for Petroleum and Coal Science and Technology},
  author = {Florian Hauhs and Hendrick Födisch and Raphael Hincapie and Leonhard Ganzer},
  booktitle = {DGMK-Tagungsbericht 2017-1},
  title = {Novel Application of Foam and Air Flooding in Glass-Silicon-Glass Micromodels},
  location = {Hamburg},
  date = {2017},
  entrykey = {DGMK},
  pages = {249\,--\,259}
}

@ARTICLE{0014a,
  doi = {10.1021/la303963q},
  author = {Ying Lin and Liming Wan and Joseph W. Krumpfer and James J. Watkins and Thomas J. McCarthy},
  url = {https://doi.org/10.1021/la303963q},
  journal = {Langmuir},
  title = {Hydrophobization of Inorganic Oxide Surfaces Using Dimethylsilanediol},
  volume = {29},
  date = {2013},
  entrykey = {0014a},
  issue = {5},
  pages = {1329\,--\,1332}
}

@ARTICLESPE{FlowSim_GeoModel,
  doi = {10.2118/57469-PA},
  title = {Flow Simulation of Geologic Models},
  url = {http://dx.doi.org/10.2118/57469-PA},
  journal = {SPE Res Eval \& Eng},
  author = {M J King and M Mansfield},
  volume = {2},
  date = {1999},
  entrykey = {FlowSim_GeoModel},
  issue = {4},
  pages = {351\,--\,367},
  documentid = {SPE-57469-PA}
}

@PETROWIKI{Reference,
  accessmonth = {10},
  revisionyear = {2014},
  accessday = {23},
  title = {Help: Citing references},
  accessyear = {2019},
  url = {https://petrowiki.org/Help:Citing_references},
  revisionmonthname = {December},
  revisionday = {30},
  entrykey = {Reference},
  accessmonthname = {October},
  revisionmonth = {12}
}

