% https://www.overleaf.com/learn/latex/Bibliography_management_with_natbib

@petrowiki{template,
	title = {},
	revisionday =  {},
	revisionmonth =  {},
	revisionmonthname =  {},
	revisionyear =  {},
	url =  {},
	accessday =  {},
	accessmonth =  {},
	accessmonthname =  {},
	accessyear =  {},
}

@proceedingsSPE{template2,
	title = {},
	author = {},
	date = {},
	conference = {},
	location = {},
	conferencedays = {},
	conferencemonth = {},
	conferencemonthname = {},
	url = {},
	documentid = {},
}

@bookSPE{template3,
	title = {},
	author = {},
	editor = {},
	date = {},
	volume = {},
	pages = {},
	series = {},
}

@article{template4,
	author = {},
	title = {},
	journal = {},
	volume = {},
	issue = {},
	pages = {},
	date = {},
	doi = {},
	url = {},
}

@book{template5,
	author = {},
	editor = {},
	title = {},
	publisher = {},
	location = {},
	date = {},
	edition = {},
	translator = {},
}

@inbook{template6,
	author = {},
	editor = {},
	bookauthor = {},
	booktitle = {},
	title = {},
	publisher = {},
	location = {},
	date = {},
	edition = {},
	chapter= {},
	pages = {},
}

@inproceedings{template7,
	author = {},
	title = {},
	date = {},
	booktitle = {},
	pages = {},
	location = {},
	publisher = {},
}

@wikipedia{template8,
	title = {},
	revisionday =  {},
	revisionmonth =  {},
	revisionmonthname =  {},
	revisionyear =  {},
	url =  {},
	accessday =  {},
	accessmonth =  {},
	accessmonthname =  {},
	accessyear =  {},
}


@article{lorem,
	ISSN = {00030996},
	URL = {http://www.jstor.org/stable/29774235},
	author = {George D. Gopen and Judith A. Swan},
	journal = {American Scientist},
	number = {6},
	pages = {550--558},
	publisher = {Sigma Xi, The Scientific Research Society},
	title = {The Science of Scientific Writing},
	volume = {78},
	year = {1990}
}


